% Guía de TestU01

@inproceedings{Simard2013ASL,
  title  = {A Software Library in ANSI C for Empirical Testing of Random Number Generators},
  author = {Richard J. Simard},
  year   = {2013}
}

@book{knuth2014art,
  title     = {Art of computer programming, volume 2: Seminumerical algorithms},
  author    = {Knuth, Donald E},
  year      = {1988},
  pages     = {70-71},
  publisher = {Addison-Wesley Professional}
}

@article{Marsaglia19853,
  author        = {Marsaglia, G.},
  title         = {A current view of random number generators},
  journal       = {Computer Science and Statistics: The Interface},
  year          = {1985},
  pages         = {3-10},
  document_type = {Article},
  source        = {Scopus}
}

@article{mccullough_2006,
  title   = {A review of TESTU01},
  volume  = {21},
  doi     = {10.1002/jae.917},
  number  = {5},
  journal = {Journal of Applied Econometrics},
  author  = {Mccullough, B. D.},
  year    = {2006},
  pages   = {677–682}
}

@article{Marsaglia2002SomeDT,
  title   = {Some Difficult-to-pass Tests of Randomness},
  author  = {George Marsaglia and Wai Wan Tsang},
  journal = {Journal of Statistical Software},
  year    = {2002},
  volume  = {007},
  pages   = {1-9}
}

@InProceedings{Lehm51,
  Title                    = {Mathematical Methods in Large-scale Computing Units},
  Author                   = {Derrick H. Lehmer},
  Booktitle                = {Proceedings of the Second Symposium on Large Scale Digital Computing Machinery},
  Year                     = {1951},

  Address                  = {Cambridge, United Kingdom},
  Pages                    = {141--146},
  Publisher                = {Harvard University Press}
}