% Gu√≠a de TestU01

@inproceedings{Simard2013ASL,
  title  = {A Software Library in ANSI C for Empirical Testing of Random Number Generators},
  author = {Richard J. Simard},
  year   = {2013}
}

@book{knuth2014art,
  title     = {Art of computer programming, volume 2: Seminumerical algorithms},
  author    = {Knuth, Donald E},
  year      = {1988},
  pages     = {70},
  publisher = {Addison-Wesley Professional}
}